

@Misc{ariane,
  author = 	 {J.L. {Lions et al.}},
  title = 	 {Ariane 501 Inquiry Board report},
  year = 	 {1996},
  note = 	 {Disponible en la p\'agina \texttt{http://sunnyday.mit.edu/accidents/Ariane5accidentreport.html}}
}

@Book{CGP99,
  author = 	 {Edmund M. Clarke and Orna Grumberg and Doron A. Peled},
  title = 	 {Model Checking},
  publisher = 	 {MIT press},
  year = 	 {2000}
}

@Book{BK2008,
  author = 	 {Christel Baier and Joost-Pieter Katoen},
  title = 	 {Principles of Model Checking},
  publisher = 	 {MIT press},
  year = 	 {2008}
}

@article{AG1993,
  author    = {Anish Arora and
               Mohamed G. Gouda},
  title     = {Closure and Convergence: A Foundation of Fault-Tolerant
               Computing},
  journal   = {IEEE Trans. Software Eng.},
  volume    = {19},
  number    = {11},
  year      = {1993},
  pages     = {1015-1027}
}

@article{Gartner1999,
  author    = {Felix C. G{\"a}rtner},
  title     = {Fundamentals of Fault-Tolerant Distributed Computing in
               Asynchronous Environments},
  journal   = {ACM Comput. Surv.},
  volume    = {31},
  number    = {1},
  year      = {1999},
  pages     = {1-26}
}


@techreport{Gartner1998,
  author    = {Felix C. G{\"a}rtner},
  title     = {Specifications for Fault-Tolerance: {A} Comedy of failures},
  institution =  {Darmstat University of Technology},
  year = 	 {1998},
  number = 	 {TUD-BS-1998-03},
  address = 	 {Germany}
}

@inproceedings{CM2007,
  author    = {Pablo F. Castro and
               T. S. E. Maibaum},
  title     = {An ought-to-do deontic logic for reasoning about fault-tolerance:
               the diarrheic philosophers},
  year      = {2007},
  pages     = {151-160},
  crossref  = {DBLP:conf/sefm/2007}
}
@proceedings{DBLP:conf/sefm/2007,
  title     = {5th IEEE International Conference on Software Engineering
               and Formal Methods (SEFM 2007)},
  booktitle = {SEFM},
  publisher = {IEEE Computer Society},
  year      = {2007}
}


@article{bdd,
  author    = {Randal E. Bryant},
  title     = {Symbolic Boolean Manipulation with Ordered Binary-Decision
               Diagrams},
  journal   = {ACM Comput. Surv.},
  volume    = {24},
  number    = {3},
  year      = {1992},
  pages     = {293-318}
}

@Misc{nusmv,
  key = 	 {NuSMV},
  title = 	 {{NuSMV}: {A} new symbolic model checker},
  note = 	 {Home page: \texttt{http://nusmv.fbk.eu/}}
}


@article{ctl,
  author    = {Edmund M. Clarke and
               E. Allen Emerson and
               A. Prasad Sistla},
  title     = {Automatic Verification of Finite-State Concurrent Systems
               Using Temporal Logic Specifications},
  journal   = {ACM Trans. Program. Lang. Syst.},
  volume    = {8},
  number    = {2},
  year      = {1986},
  pages     = {244-263}
}

@MastersThesis{Hames2009,
  author = 	 {Edgardo E.\ Hames},
  title = 	 {\textsc{Falluto}: {U}n model checker para la
                  verificaci\'on de sistemas tolerantes a falla},
  school = 	 {FaMAF, Universidad Nacional de C\'ordoba},
  year = 	 {2009},
  type = 	 {Trabajo de Grado}
}

@MastersThesis{Bordenabe2011,
  author = 	 {Nicol\'as Bordenabe},
  title = 	 {\textsc{Offbeat}: {U}na extensi√≥n de {PRISM} para el
                  an\'alisis de sistemas temporizados tolerantes a
                  fallas},
  school = 	 {FaMAF, Universidad Nacional de C\'ordoba},
  year = 	 {2011},
  type = 	 {Trabajo de Grado}
}


@inproceedings{BiancoDeAlfaro1995,
author = {A. Bianco and {de Alfaro}, L.},
title = {Model Checking of Probabilistic and Nondeterministic Systems},
booktitle = {Procs.\ of FST\&TCS'95},
series = {LNCS},
volume = 1026,
pages = {499--513},
publisher = {Springer},
year = 1995
}


@inproceedings{CastroEtAl2011,
author = {Pablo F. Castro and Cecilia Kilmurray and Araceli Acosta and
                  Nazareno Aguirre},
title = {{dCTL}: {A} Branching Time Temporal Logic for Fault-Tolerant
                  System Verification},
booktitle = {Procs.\ of SEFM 2011},
series = {LNCS},
publisher = {Springer},
year = 2011,
note = {To appear}
}


@inproceedings{KwiatkowskaEtAL2002,
author = {M. Kwiatkowska and G. {Norman} and D. Parker},
title = {{PRISM}: {P}robabilistic symbolic model checker},
booktitle = {TOOLS'2002},
series = {LNCS},
volume = 2324,
publisher = {Springer},
year = 2002
}

@PhDThesis{thesis:parker,
  Author = {D. Parker},
  Title = {Implementation of Symbolic Model Checking for Probabilistic Systems},
  School = {University of Birmingham},
  Year = {2002}
}

@misc{prism,
key = {prism},
title = {PRISM home page},
note = {http://www.prismmodelchecker.org/}
}
